
@article{alamouti1998simple,
  title={A simple transmit diversity technique for wireless communications},
  author={Siavash M.\ Alamouti},
  journal={IEEE J.\ Select Areas in Communications},
  volume={16},
  number={8},
  pages={1451--1458},
  month={Oct.},
  year={1998},
}


@article{maas2012channel,
  title={Channel sounding for the masses: Low complexity {GNU} 802.11b channel impulse response estimation},
  author={Maas, Dustin and Firooz, Mohammad H and Zhang, Junxing and Patwari, Neal and Kasera, Sneha K},
  journal={IEEE Transactions on Wireless Communications},
  volume={11},
  number={1},
  pages={1--8},
  year={2012},
}

@inproceedings{halperin2010demystifying,
  title={Demystifying 802.11n power consumption},
  author={Halperin, Daniel and Greenstein, Ben and Sheth, Anmol and Wetherall, David},
  booktitle={Proc.\ 2010 Intl.\ Conf.\ on Power-Aware Computing and Systems},
  year={2010}
}
@book{proakis2002communication,
  title={Communication systems engineering},
  author={Proakis, John G.\ and Salehi, Masoud},
  year={2002},
  edition={2nd},
  publisher={Prentice Hall},
}

@article{hartley1928transmission,
  title={Transmission of information},
  author={Hartley, Ralph V.L.},
  journal={The Bell System Technical Journal},
  volume={7},
  number={3},
  pages={535--563},
  year={1928}
}

@book{shakespeare1597romeo,
  author={William Shakespeare},
  title={{R}omeo and {J}uliet},
  year={1597},
  url={http://shakespeare.mit.edu/romeo_juliet/full.html},
}

@article{shannon1948mathematical,
  title={A mathematical theory of communication},
  author={Shannon, Claude E.},
  journal={The Bell System Technical Journal},
  volume={27},
  number={3},
  pages={379-423},
  year={1948},
  url={http://math.harvard.edu/~ctm/home/text/others/shannon/entropy/entropy.pdf}
}


@book{papoulis2002probability,
  title={Probability, random variables, and stochastic processes},
  author={Papoulis, Athanasios and Pillai, S Unnikrishna},
  year={2002},
  publisher={Tata McGraw-Hill Education}
}

@article{durgin2002new,
  title={New analytical models and probability density functions for fading in wireless communications},
  author={Durgin, Gregory D and Rappaport, Theodore S and De Wolf, David A},
  journal={IEEE Transactions on Communications},
  volume={50},
  number={6},
  pages={1005--1015},
  year={2002},
}

@article{tarokh1999space,
  title={Space-time block codes from orthogonal designs},
  author={Tarokh, Vahid and Jafarkhani, Hamid and Calderbank, A Robert},
  journal={IEEE Transactions on Information Theory},
  volume={45},
  number={5},
  pages={1456--1467},
  year={1999},
}

@inproceedings{wolniansky1998vblast,
  title={{V-BLAST}: An architecture for realizing very high data rates over the rich-scattering wireless channel},
  author={Wolniansky, Peter W and Foschini, Gerard J and Golden, Glen D and Valenzuela, Reinaldo A},
  booktitle={1998 URSI International Symposium on Signals, Systems, and Electronics},
  pages={295--300},
  year={1998},
}

@inproceedings{lundrigan2019onpc,
  title={On-off noise power communication},
  author={Philip Lundrigan and Neal Patwari and Sneha K.\ Kasera},
  booktitle={Proc.\ of the ACM Intl.\ Conf.\ on Mobile Computing and Networking (MobiCom 2019)},
  month={Oct.},
  year={2019},
  note={\url{https://span.engineering.wustl.edu/pub/lundrigan2019onoff.pdf}}
}

@Book{rice,
   author =   "Michael Rice",
   title =   "Digital Communications: a Discrete-Time Approach",
   publisher = "Pearson Prentice Hall",
   year =   "2009",
}

@Book{haykin2005modern,
   author =   "Simon O. Haykin and Michael Moher",
   title =   "Modern Wireless Communications",
   publisher = "Pearson",
   edition = "1",
   year =   "2005",
}

@Book{lathi,
   author =   "B. P. Lathi and Zhi Ding",
   title =   "Modern Digital and Analog Communication Systems",
   edition = "4",
   publisher = "Oxford University Press",
   year =   "2008",
}

